
@article{Robinson_1949,
	author = {Robinson, Julia},
	journal = {Journal of Symbolic Logic},
	number = {2},
	pages = {98--114},
	title = {Definability and decision problems in arithmetic},
	volume = {14},
	year = {1949}}



@article{Ouaknine:2015gv,
author = {Ouaknine, Jo{\"e}l and 0001, James Worrell},
title = {{On linear recurrence sequences and loop termination.}},
journal = {SIGLOG News},
year = {2015}
}



@incollection{Thomas:1997ec,
author = {Thomas, Wolfgang},
title = {{Languages, Automata, and Logic}},
booktitle = {Handbook of Formal Languages},
year = {1997},
pages = {389--455},
publisher = {Springer, Berlin, Heidelberg},
address = {Berlin, Heidelberg}
}


@article{McNaughton:1966,
author = {McNaughton, Robert},
title = {{Testing and generating infinite sequences by a finite automaton}},
journal = {Information and Control},
year = {1966},
volume = {9},
number = {5},
pages = {521--530}
}

@article{Muller:1987dn,
author = {Muller, David E and Schupp, Paul E},
title = {{Alternating automata on infinite trees}},
journal = {Theoretical Computer Science},
year = {1987},
volume = {54},
number = {2-3},
pages = {267--276}
}

@article{Buchi:1969iq,
author = {Buchi, J Richard and Landweber, Lawrence H},
title = {{Solving Sequential Conditions by Finite-State Strategies}},
journal = {Transactions of the American Mathematical Society},
year = {1969},
volume = {138},
pages = {295},
month = apr
}

@book{Gurevich:1982kx,
author = {Gurevich, Yuri and Harrington, Leo},
title = {{Trees, automata, and games}},
publisher = {ACM},
year = {1982},
month = may
}
@article{Church:1962wp,
author = {Church, Alonzo},
title = {{Logic, Arithmetic, and Automata}},
year = {1962},
pages = {21--35}
}

@inproceedings{Seidl:2015ik,
author = {Seidl, Helmut and Maneth, Sebastian and Kemper, Gregor},
title = {{Equivalence of Deterministic Top-Down Tree-to-String Transducers is Decidable}},
booktitle = {2015 IEEE 56th Annual Symposium on Foundations of Computer Science (FOCS)},
year = {2015},
pages = {943--962},
publisher = {IEEE}
}


@article{Hashiguchi:1982js,
author = {Hashiguchi, K},
title = {{Limitedness theorem on finite automata with distance functions}},
journal = {Journal of Computer and System Sciences},
year = {1982},
volume = {24},
number = {2},
pages = {233--244},
month = apr
}

@article{Benedikt:2017eq,
author = {Benedikt, Michael and Duff, Timothy and Sharad, Aditya and James Worrell},
title = {{Polynomial automata - Zeroness and applications.}},
journal = {LICS},
year = {2017},
pages = {1--12}
}


@article{Rabin:1969kx,
author = {Rabin, Michael O},
title = {{Decidability of Second-Order Theories and Automata on Infinite Trees}},
journal = {Transactions of the American Mathematical Society},
year = {1969},
volume = {141},
pages = {1},
month = jul
}

@article{Buchi:1983in,
author = {Buchi, J Richard},
title = {{State-Strategies for Games in F G.}},
journal = {J. Symb. Log.},
year = {1983},
volume = {48},
number = {04},
pages = {1171--1198}
}


@article{Vardi:2003ch,
author = {Vardi, Moshe Y},
title = {{Logic and Automata - A Match Made in Heaven.}},
journal = {ICALP},
year = {2003},
volume = {2719},
number = {Chapter 6},
pages = {64--65}
}


@article{Buchi:1960bh,
author = {Buchi, J Richard},
title = {{Weak Second-Order Arithmetic and Finite Automata}},
journal = {Zeitschrift f{\"u}r Mathematische Logik und Grundlagen der Mathematik},
year = {1960},
volume = {6},
number = {1-6},
pages = {66--92}
}

@article{Elgot:1961fq,
author = {Elgot, Calvin C},
title = {{Decision problems of finite automata design and related arithmetics}},
journal = {Transactions of the American Mathematical Society},
year = {1961},
volume = {98},
number = {1},
pages = {21--21},
month = jan
}

@article{Trakthenbrot:1962ud,
author = {Trakthenbrot, Boris A},
title = {{Finite automata and monadic second order logic}},
journal = {Siberian Mathematical Journal},
year = {1962},
volume = {3},
pages = {103--131}
}



@article{Bodlaender:1993da,
author = {Bodlaender, Hans L},
title = {{A linear time algorithm for finding tree-decompositions of small treewidth.}},
journal = {STOC},
year = {1993},
pages = {226--234}
}

@book{Cygan:2015wu,
author = {Cygan, Marek and Fomin, Fedor V and Kowalik, {\L}ukasz and Lokshtanov, Daniel and Marx, Daniel and Pilipczuk, Marcin and Pilipczuk, Micha{\l} and Saurabh, Saket},
title = {{Parameterized Algorithms}},
publisher = {Springer},
year = {2015},
month = jul
}

@article{Arnborg:1987jy,
author = {Arnborg, Stefan and Corneil, Derek G and Proskurowski, Andrzej},
title = {{Complexity of Finding Embeddings in a k-Tree}},
journal = {SIAM Journal on Algebraic Discrete Methods},
year = {1987},
volume = {8},
number = {2},
pages = {277--284},
month = apr
}

@article{Courcelle:1990fj,
author = {Courcelle, Bruno},
title = {{The monadic second-order logic of graphs. I. Recognizable sets of finite graphs}},
journal = {Information and Computation},
year = {1990},
volume = {85},
number = {1},
pages = {12--75},
month = mar
}

@book{Engelfriet:2012wq,
author = { Courcelle, Bruno and Engelfriet, Joost},
title = {{Graph Structure and Monadic Second-Order Logic}},
year = {2012}
}



@article{Calude:2017cw,
author = {Calude, Cristian S and Jain, Sanjay and Khoussainov, Bakhadyr and  Wei Li and Frank Stephan},
title = {{Deciding parity games in quasipolynomial time.}},
journal = {STOC},
year = {2017},
pages = {252--263}
}

@article{Angluin:1987kr,
author = {Angluin, Dana},
title = {{Learning Regular Sets from Queries and Counterexamples}},
journal = {Inf. Comput.},
year = {1987},
volume = {75},
number = {2},
pages = {87--106}
}



@article{Zielonka:1998dw,
author = {Zielonka, Wieslaw},
title = {{Infinite Games on Finitely Coloured Graphs with Applications to Automata on Infinite Trees.}},
journal = {Theor. Comput. Sci.},
year = {1998},
volume = {200},
number = {1-2},
pages = {135--183}
}

@article{Hashiguchi:1988eu,
author = {Hashiguchi, Kosaburo},
title = {{Algorithms for Determining Relative Star Height and Star Height}},
journal = {Inf. Comput.},
year = {1988},
volume = {78},
number = {2},
pages = {124--169}
}

@article{Bojanczyk:2015hk,
author = {Bojanczyk, Mikolaj},
title = {{Star Height via Games.}},
journal = {LICS},
year = {2015},
pages = {214--219}
}




@article{Sipser:1980fp,
author = {Sipser, Michael},
title = {{Halting Space-Bounded Computations.}},
journal = {Theor. Comput. Sci.},
year = {1980},
volume = {10},
number = {3},
pages = {335--338}
}



@article{Muscholl:2006cl,
author = {Muscholl, Anca and Samuelides, Mathias and Segoufin, Luc},
title = {{Complementing deterministic tree-walking automata.}},
journal = {Inf. Process. Lett.},
year = {2006},
volume = {99},
number = {1},
pages = {33--39}
}

@article{Bojanczyk:2006ff,
author = {Bojanczyk, Mikolaj and Colcombet, Thomas},
title = {{Tree-walking automata cannot be determinized.}},
journal = {Theor. Comput. Sci.},
year = {2006},
volume = {350},
number = {2-3},
pages = {164--173}
}

@article{Bojanczyk:2008cx,
author = {Bojanczyk, Mikolaj and Colcombet, Thomas},
title = {{Tree-Walking Automata Do Not Recognize All Regular Languages.}},
journal = {SIAM J. Comput.},
year = {2008},
volume = {38},
number = {2},
pages = {658--701}
}

@article{Kamimura:1981fj,
author = {Kamimura, Tsutomu and Slutzki, Giora},
title = {{Parallel and two-way automata on directed ordered acyclic graphs}},
journal = {Information and Control},
year = {1981},
volume = {49},
number = {1},
pages = {10--51}
}


@article{Mayr:1984jg,
author = {Mayr, Ernst W},
title = {{An Algorithm for the General Petri Net Reachability Problem.}},
journal = {SIAM J. Comput.},
year = {1984},
volume = {13},
number = {3},
pages = {441--460}
}

@article{Schmitz:2016kp,
author = {Schmitz, Sylvain},
title = {{The complexity of reachability in vector addition systems.}},
journal = {SIGLOG News},
year = {2016}
}

@incollection{Schmitz:2013ev,
author = {Schmitz, Sylvain and Schnoebelen, Philippe},
title = {{The Power of Well-Structured Systems}},
booktitle = {CONCUR 2013 {\textendash} Concurrency Theory},
year = {2013},
pages = {5--24},
publisher = {Springer Berlin Heidelberg},
address = {Berlin, Heidelberg}
}


@article{shannon1948mathematical,
author = {Shannon, Claude E},
title = {{A mathematical theory of communication, Part I, Part II}},
journal = {Bell Syst. Tech. J.},
year = {1948},
volume = {27},
pages = {623--656}
}

@article{Kirsten:2005fm,
author = {Kirsten, Daniel},
title = {{Distance desert automata and the star height problem}},
journal = {RAIRO - Theoretical Informatics and Applications},
year = {2005},
volume = {39},
number = {3},
pages = {455--509},
month = jul
}

@article{Thatcher:1968fs,
author = {Thatcher, J W and Wright, J B},
title = {{Generalized finite automata theory with an application to a decision problem of second-order logic}},
journal = {Mathematical Systems Theory},
year = {1968},
volume = {2},
number = {1},
pages = {57--81},
month = mar
}

@article{Chekuri:2016ub,
author = {Chekuri, Chandra and Chuzhoy, Julia},
title = {{Polynomial Bounds for the Grid-Minor Theorem.}},
journal = {J. ACM},
year = {2016}
}


@article{Robertson:1986fy,
author = {Robertson, Neil and Seymour, P D},
title = {{Graph minors. V. Excluding a planar graph}},
journal = {Journal of Combinatorial Theory, Series B},
year = {1986},
volume = {41},
number = {1},
pages = {92--114},
month = aug
}

@book{Nesetril:2012bv,
author = {Ne{\v s}et{\v{r}}il, Jaroslav and Ossona de Mendez, Patrice},
title = {{Sparsity}},
publisher = {Springer Berlin Heidelberg},
year = {2012},
volume = {28},
series = {Algorithms and Combinatorics},
address = {Berlin, Heidelberg}
}

@article{Colcombet:2017is,
author = {Colcombet, Thomas and Petrisan, Daniela},
title = {{Automata and minimization.}},
journal = {SIGLOG News},
year = {2017}
}

@article{Schutzenberger:1961cf,
author = {Sch{\"u}tzenberger, M P},
title = {{On the definition of a family of automata}},
journal = {Information and Control},
year = {1961},
volume = {4},
number = {2-3},
pages = {245--270},
month = sep
}


@article{Albert:1985eu,
author = {Albert, M H and Lawrence, J},
title = {{A proof of Ehrenfeucht's Conjecture}},
journal = {Theoretical Computer Science},
year = {1985},
volume = {41},
pages = {121--123}
}


@inproceedings{Williams:2012gs,
author = {Williams, Virginia Vassilevska},
title = {{Multiplying matrices faster than Coppersmith-Winograd}},
booktitle = {the 44th symposium},
year = {2012},
pages = {887--898},
publisher = {ACM Press},
address = {New York, New York, USA}
}


@article{Valiant:1975bn,
author = {Valiant, Leslie G},
title = {{General Context-Free Recognition in Less than Cubic Time.}},
journal = {J. Comput. Syst. Sci.},
year = {1975},
volume = {10},
number = {2},
pages = {308--315}
}




@booklet{Tarski:1951vl,
title = {{A Decision Method for Elementary Algebra and Geometry}},
author = {Tarski, Alfred},
year = {1951}
}


@article{Poonen:2008wc,
author = {Poonen, Bjorn},
title = {{Undecidability in Number Theory}},
journal = {Notices of the AMS},
year = {2008},
volume = {55},
number = {3},
pages = {344--350}
}

@article{Colcombet:2006fv,
author = {Colcombet, Thomas and Niwinski, Damian},
title = {{On the positional determinacy of edge-labeled games.}},
journal = {Theor. Comput. Sci.},
year = {2006},
volume = {352},
number = {1-3},
pages = {190--196}
}



@article{Schutzenberger:1977ck,
author = {Sch{\"u}tzenberger, M P},
title = {{Sur une variante des fonctions sequentielles}},
journal = {Theoretical Computer Science},
year = {1977},
volume = {4},
number = {1},
pages = {47--57},
month = feb
}

@booklet{Berstel:1979un,
title = {{Transductions and context-free languages}},
author = {Berstel, Jean},
year = {1979}
}


@article{Filiot:2016iw,
author = {{Filiot, Emmanuel} and {Reynier, Pierre-Alain}},
title = {{Transducers, logic and algebra for functions of finite words.}},
journal = {SIGLOG News},
year = {2016}
}


@book{Eilenberg:1974vl,
author = {Eilenberg, Samuel},
title = {{Automata, Languages, and Machines, Volume A}},
publisher = {Academic Press},
year = {1974},
series = {Pure and Applied Mathematics, a series of monographs and textbooks: vol. 59-A}
}


@article{Engelfriet:1999vn,
author = {{Engelfriet, Joost} and {Hoogeboom, Hendrik Jan}},
title = {{MSO definable string transductions and two-way finite state transducers}},
journal = {CoRR},
year = {1999},
volume = {cs.LO}
}

@article{Ginsburg:1960ca,
author = {Ginsburg, Seymour},
title = {{Some remarks on abstract machines}},
journal = {Transactions of the American Mathematical Society},
year = {1960},
volume = {96},
number = {3},
pages = {400--400},
month = mar
}


@incollection{Moore:gu,
author = {Moore, Edward F},
title = {{Gedanken-Experiments on Sequential Machines}},
booktitle = {Automata Studies. (AM-34)},
publisher = {Princeton University Press},
address = {Princeton}
}

@article{Mealy:1955hu,
author = {Mealy, George H},
title = {{A method for synthesizing sequential circuits}},
journal = {Bell Syst. Tech. J.},
year = {1955},
volume = {34},
number = {5},
pages = {1045--1079}
}

@article{Ullman:2013ip,
author = {Ullman, J D and Hopcroft, J E},
title = {{An Approach to a Unified Theory of Automata}},
journal = {Bell System Technical Journal},
year = {1967},
volume = {46},
number = {8},
pages = {1793--1829},
month = oct
}




@article{Bloem:2000wq,
author = {Bloem, Roderick and Engelfriet, Joost},
title = {{A Comparison of Tree Transductions Defined by Monadic Second Order Logic and by Attribute Grammars.}},
journal = {J. Comput. Syst. Sci.},
year = {2000},
volume = {61},
number = {1},
pages = {1--50}
}

@article{:1981vj,
author = {F{\"u}l{\"o}p, Zolt{\'a}n},
title = {{On attributed tree transducers.}},
journal = {Acta Cybern.},
year = {1981}
}

@article{Engelfriet:2001kv,
author = {Engelfriet, Joost and Hoogeboom, Hendrik Jan},
title = {{MSO definable string transductions and two-way finite-state transducers}},
journal = {ACM Transactions on Computational Logic},
year = {2001},
volume = {2},
number = {2},
pages = {216--254},
month = apr
}



@article{Chytil:1977wh,
author = {Chytil, Michal and J{\'a}kl, Vojtech},
title = {{Serial Composition of 2-Way Finite-State Transducers and Simple Programs on Strings.}},
journal = {ICALP},
year = {1977},
volume = {52},
number = {Chapter 11},
pages = {135--147}
}


@article{Aho:1970is,
author = {Aho, Alfred V and Ullman, Jeffrey D},
title = {{A Characterization of Two-Way Deterministic Classes of Languages.}},
journal = {J. Comput. Syst. Sci.},
year = {1970},
volume = {4},
number = {6},
pages = {523--538}
}





@article{Alur:2010gc,
author = {Alur, Rajeev and Cern{\'{y}}, Pavol},
title = {{Expressiveness of streaming string transducers.}},
journal = {FSTTCS},
year = {2010}
}



@book{Bigatti:2017cm,
editor = {Bigatti, Anna M and Gimenez, Philippe and S{\'a}enz-de-Cabez{\'o}n, Eduardo},
title = {{Computations and Combinatorics in Commutative Algebra}},
publisher = {Springer International Publishing},
year = {2017},
volume = {2176},
series = {Lecture Notes in Mathematics},
address = {Cham}
}




